% This file was created with JabRef 2.10.
% Encoding: UTF-8


@Misc{ambler:2010,
  Title                    = {2010 IT Project Success Rates Survey},

  Author                   = {Scott Ambler},
  HowPublished             = {\url{http://www.ambysoft.com/surveys/success2010.html}},
  Note                     = {Accessed: 2015-05-06},
  Year                     = {2010},

  Owner                    = {roman},
  Timestamp                = {2015.05.06}
}

@Book{chacon:2009,
  Title                    = {Pro Git},
  Author                   = {Chacon, Scott},
  Publisher                = {Apress},
  Year                     = {2009},

  Address                  = {Berkely, CA, USA},
  Edition                  = {1st},

  ISBN                     = {1430218339, 9781430218333},
  Owner                    = {roman},
  Timestamp                = {2015.05.09}
}

@Book{dustin:1999,
  Title                    = {Automated Software Testing: Introduction, Management, and Performance},
  Author                   = {Dustin, E. and Rashka, J. and Paul, J.},
  Publisher                = {Pearson Education},
  Year                     = {1999},

  ISBN                     = {9780672333842},
  Url                      = {https://books.google.at/books?id=kl2H0G6EFf0C}
}

@Misc{mooij:2010,
  Title                    = {What I Learned About Git During A 20 Developer Commit Frenzy},

  Author                   = {Age Mooij},
  HowPublished             = {\url{http://blog.xebia.com/2010/09/20/git-workflow/}},
  Note                     = {Accessed: 2015-05-07},
  Year                     = {2010},

  Owner                    = {roman},
  Timestamp                = {2015.05.06}
}

@Misc{zilberfeld:2013,
  Title                    = {Brief History Of Continuous Integration},

  Author                   = {Gil Zilberfeld},
  HowPublished             = {\url{http://blog.typemock.com/2013/10/a-brief-history-of-continuous-integration.html}},
  Month                    = {October},
  Note                     = {Accessed: 2015-05-07},
  Year                     = {2013},

  Owner                    = {roman},
  Timestamp                = {2015.05.06}
}

